@inproceedings{Alonso2003,
	title = {Alternative implementation techniques for Web text visualization},
	author = {Alonso, O. and Baeza-Yates, R.},
	booktitle = {Proceedings of the First Latin American Web Congress},
	year = {2003},
	month = {Nov.},
	pages = {202-204},
	doi = {10.1109/LAWEB.2003.1250298}
}

@inproceedings{Alonso2000,
	author = {Alonso, O. and Baeza-Yates, R.},
	title = {A Model and Software Architecture for Search Results Visualization on the WWW},
	booktitle = {Proceedings of the Seventh International Symposium on String Processing Information Retrieval},
	year = {2000},
	isbn = {0-7695-0746-8},
	pages = {8},
	publisher = {IEEE Computer Society},
	address = {Washington, DC, USA}
}

@inproceedings{Benjamin2008,
	title = {A graphical and convenient tool for document comparison and visualization},
	author = {Benjamin, C.M.X. and Woon, W.L. and Wong, K.S.D.},
	booktitle = {Proceedings of the International Conference on Computer and Communication Engineering},
	year = {2008},
	month = {May},
	pages = {362-367},
	doi = {10.1109/ICCCE.2008.4580629}
}

@inproceedings{Einsfeld2006,
	title = {Dynamic Visualization and Navigation of Semantic Virtual Environments},
	author = {Einsfeld, K. and Agne, S. and Deller, M. and Ebert, A. and Klein, B. and Reuschling, C.},
	booktitle = {Proceedings of the Tenth International Conference on Information Visualization},
	year = {2006},
	month = {July},
	pages = {569-574},
	doi = {10.1109/IV.2006.46},
	ISSN = {1550-6037}
}

@inproceedings{Konchady1998,
	author = {Manu Konchady and Ray D'Amore and Gary Valley},
	title = {A Web based visualization for documents},
	booktitle = {Proceedings of the 1998 Workshop on New Paradigms in Information Visualization and Manipulation},
	year = {1998},
	isbn = {1-58113-179-8},
	pages = {13--19},
	location = {Washington, D.C., United States},
	doi = {http://doi.acm.org/10.1145/324332.324335},
	publisher = {ACM},
	address = {New York, NY, USA}
}

@inproceedings{Weiss2001,
	title = {Visualising document content with metadata to facilitate goal-directed search},
	author = {Weiss-Lijn, M. and McDonnell, J.T. and James, L.},
	booktitle = {Proceedings of the Fifth International Conference on Information Visualisation},
	year = {2001},
	pages = {71-76},
	doi={10.1109/IV.2001.942041}
}

@inproceedings{Mukherjea1999,
	title = {Visualizing World-Wide Web search engine results},
	author = {Mukherjea, S. and Hara, Y.},
	booktitle = {Proceedings of the 1999 IEEE International Conference on Information Visualization},
	year={1999},
	pages={400-405},
	doi={10.1109/IV.1999.781588}
}

@inproceedings{Mukherjea1996,
	title = {Visualizing the results of multimedia Web search engines},
	author = {Mukherjea, S. and Hirata, K. and Hara, Y.},
	booktitle = {Proceedings of the 1996 IEEE Symposium on Information Visualization},
	year = {1996},
	month = {Oct},
	pages={64-65, 122},
	doi={10.1109/INFVIS.1996.559219}
}

@inproceedings{Nowell1996,
	author = {Lucy Terry Nowell and Robert K. France and Deborah Hix and Lenwood S. Heath and Edward A. Fox},
	title = {Visualizing search results: some alternatives to query-document similarity},
	booktitle = {Proceedings of the 19th Annual International ACM SIGIR Conference on Research and Development in Information Retrieval},
	year = {1996},
	isbn = {0-89791-792-8},
	pages = {67--75},
	location = {Zurich, Switzerland},
	doi = {http://doi.acm.org/10.1145/243199.243214},
	publisher = {ACM},
	address = {New York, NY, USA}
}

@inproceedings{Paulovich2008,
	title = {PEx-WEB: Content-based Visualization of Web Search Results},
	author = {Paulovich, F.V. and Pinho, R. and Botha, C.P. and Heijs, A. and Minghim, R.},
	journal = {Proceedings of the 12th International Conference on Information Visualisation},
	year = {2008},
	month = {July},
	pages = {208-214},
	doi = {10.1109/IV.2008.94},
	ISSN = {1550-6037}
}

@inproceedings{Raubner2000,
	title = {"'Andreas, Rauber'? Conference pages are over there, German documents on the lower left...": an "old-fashioned" approach to Web search results visualization},
	author = {Rauber, A. and Bina, H.},
	booktitle = {Proceedings of the 11th International Workshop on Database and Expert Systems Applications},
	year = {2000},
	pages = {615-619},
	doi={10.1109/DEXA.2000.875088}
}

@inproceedings{Roussinov1999,
	author = {Dmitri Roussinov},
	title = {Internet search using adaptive visualization},
	booktitle = {CHI '99 Extended Abstracts on Human Factors in Computing Systems},
	year = {1999},
	isbn = {1-58113-158-5},
	pages = {69--70},
	location = {Pittsburgh, Pennsylvania},
	doi = {http://doi.acm.org/10.1145/632716.632760},
	publisher = {ACM},
	address = {New York, NY, USA}
}

@inproceedings{Sebrechts1999,
	author = {Marc M. Sebrechts and John V. Cugini and Sharon J. Laskowski and Joanna Vasilakis and Michael S. Miller},
	title = {Visualization of search results: a comparative evaluation of text, 2D, and 3D interfaces},
	booktitle = {Proceedings of the 22nd Annual International ACM SIGIR Conference on Research and Development in Information Retrieval},
	year = {1999},
	isbn = {1-58113-096-1},
	pages = {3--10},
	location = {Berkeley, California, United States},
	doi = {http://doi.acm.org/10.1145/312624.312634},
	publisher = {ACM},
	address = {New York, NY, USA}
}

@inproceedings{Tvarozek2008,
	author = {Michal Tvarozek and Maria Bielikova},
	title = {Personalized view-based search and visualization as a means for deep/semantic web data access},
	booktitle = {Proceeding of the 17th International Conference on World Wide Web},
	year = {2008},
	isbn = {978-1-60558-085-2},
	pages = {1023--1024},
	location = {Beijing, China},
	doi = {http://doi.acm.org/10.1145/1367497.1367637},
	publisher = {ACM},
	address = {New York, NY, USA}
}

@inproceedings{Weippl2001,
	title = {Visualizing content based relations in texts},
	author = {Weippl, E.},
	booktitle = {Proceedings of the Second Australasian User Interface Conference},
	year={2001},
	pages={34-41},
	doi={10.1109/AUIC.2001.906274}
}

@inproceedings{Zaina2005,
	author = {Cl\'{a}udio Max. Zaina and M. Cec\'{\i}lia C. Baranauskas},
	title = {Revealing relationships in search engine results},
	booktitle = {Proceedings of the 2005 Latin American conference on Human-computer Interaction},
	year = {2005},
	isbn = {1-59593-224-0},
	pages = {120--127},
	location = {Cuernavaca, Mexico},
	doi = {http://doi.acm.org/10.1145/1111360.1111372},
	publisher = {ACM},
	address = {New York, NY, USA}
}

@phdthesis{Hoeber2007,
	author = {Orland Hoeber},
	title = {A Study on Interactive Visualization for Web Information Retrieval},
	year = {2007},
	school = {University of Regina}
}

@article{Mackinlay2086,
	author = {Mackinlay, Jock},
	title = {Automating the design of graphical presentations of relational information},
	journal = {ACM Transactions on Graphics},
	volume = {5},
	number = {2},
	year = {1986},
	issn = {0730-0301},
	pages = {110--141},
	doi = {http://doi.acm.org/10.1145/22949.22950},
	publisher = {ACM},
	address = {New York, NY, USA}
}

@book{Bertin1967,
	author = {Jaques Bertin},
	title = {Semiologie Graphique:  Les Diagrammers, Les Reseaux, Les Cartes},
	year = {1967},
	publisher = {Editions Gauthier-Villars},
	address = {Paris}
}

%-----------------------------------------------------
% to do
%-----------------------------------------------------

@inproceedings{Andrews2001,
	title = {Search result visualisation with xFIND},
	author = {Andrews, K. and G\"{u}tl, C. and Moser, J. and Sabol, V. and Lackner, W.},
	booktitle = {Proceedings of the Second International Workshop on User Interfaces to Data Intensive Systems},
	year = {2001},
	pages = {50-58},
	doi = {10.1109/UIDIS.2001.929925}
}

@inproceedings{Berenci1999,
	author = {Berenci, Ezio and Carpineto, Claudio and Giannini, Vittorio and Mizzaro, Stefano},
	title = {Effectiveness of Keyword-Based Display and Selection of Retrieval Results for Interactive Searches},
	booktitle = {Proceedings of the Third European Conference on Research and Advanced Technology for Digital Libraries},
	year = {1999},
	isbn = {3-540-66558-7},
	pages = {106--125},
	publisher = {Springer-Verlag},
	address = {London, UK}
}

@inproceedings{Brin1998,
	author = {Brin, Sergey and Page, Lawrence},
	title = {The Anatomy of a Large-Scale Hypertextual Web Search Engine},
	booktitle = {Proceedings of the seventh international conference on World Wide Web 7},
	year = {1998},
	pages = {107--117},
	location = {Brisbane, Australia},
	doi = {http://dx.doi.org/10.1016/S0169-7552(98)00110-X},
	publisher = {Elsevier Science Publishers B. V.},
	address = {Amsterdam, The Netherlands, The Netherlands}
}

@article{Chang1999,
	title = {Enabling concept-based relevance feedback for information retrieval on the WWW},
	author = {Chia-Hui Chang and Ching-Chi Hsu},
	journal = {IEEE Transactions on Knowledge and Data Engineering},
	year = {1999},
	month = {Jul/Aug},
	volume = {11},
	number = {4},
	pages = {595-609},
	doi = {10.1109/69.790812},
	ISSN = {1041-4347}
}

@inproceedings{Chirita2005,
	author = {Chirita, Paul Alexandru and Nejdl, Wolfgang and Paiu, Raluca and Kohlsch\"{u}tter, Christian},
	title = {Using ODP metadata to personalize search},
	booktitle = {Proceedings of the 28th Annual International ACM SIGIR Conference on Research and Development in Information Retrieval},
	year = {2005},
	isbn = {1-59593-034-5},
	pages = {178--185},
	location = {Salvador, Brazil},
	doi = {http://doi.acm.org/10.1145/1076034.1076067},
	publisher = {ACM},
	address = {New York, NY, USA}
}

@inproceedings{Cutting1992,
	author = {Cutting, Douglass R. and Karger, David R. and Pedersen, Jan O. and Tukey, John W.},
	title = {Scatter/Gather: a cluster-based approach to browsing large document collections},
	booktitle = {Proceedings of the 15th Annual International ACM SIGIR Conference on Research and Development in Information Retrieval},
 year = {1992},
 isbn = {0-89791-523-2},
 pages = {318--329},
 location = {Copenhagen, Denmark},
 doi = {http://doi.acm.org/10.1145/133160.133214},
 publisher = {ACM},
 address = {New York, NY, USA},
}

@article{Eick1994,
	author = {Stephen G. Eick},
	title = {Graphically displaying text},
	journal = {Journal of Computational and Graphical Statistics},
	year = {1994},
	volume = {3},
	pages = {127--142}
}

@inproceedings{Hearst1995,
	author = {Hearst, Marti A.},
	title = {TileBars: visualization of term distribution information in full text information access},
	booktitle = {Proceedings of the SIGCHI Conference on Human Factors in Computing Systems},
	year = {1995},
	isbn = {0-201-84705-1},
	pages = {59--66},
	location = {Denver, Colorado, United States},
	doi = {http://doi.acm.org/10.1145/223904.223912},
	publisher = {ACM Press/Addison-Wesley Publishing Co.},
	address = {New York, NY, USA}
}

@article{Heimonen2005,
	author = {Heimonen, T. and Jhaveri, N.},
	title = {Visualizing query occurrence in search result lists},
	journal = {Proceedings of the Ninth International Conference on Information Visualisation},
	year = {2005},
	month = {July},
	pages = {877-882},
	doi = {10.1109/IV.2005.152},
	ISSN = {1550-6037}
}

@article{Jansen2001,
	author = {Jansen, Bernard J. and Pooch, Udo},
	title = {A review of web searching studies and a framework for future research},
	journal = {Journal of the American Society for Information Science and Technology},
	volume = {52},
	number = {3},
	year = {2001},
	issn = {1532-2882},
	pages = {235--246},
	doi = {http://dx.doi.org/10.1002/1097-4571(2000)9999:9999<::AID-ASI1607>3.3.CO;2-6},
	publisher = {John Wiley \& Sons, Inc.},
	address = {New York, NY, USA}
}

@inproceedings{Joho2004,
	author = {Hideo Joho and Mark Sanderson and Micheline Beaulieu},
	title = {A Study of User Interaction with a Concept-based Interactive Query Expansion Support Tool},
	booktitle = {Proceedings of the 26th European Conference on Information Retrieval Research},
	year = {2004},
	pages = {42--56},
	publisher = {Springer Verlag}
}

@inproceedings{Jones1998,
	author = {Jones, Steve},
	title = {Graphical Query Specification and Dynamic Result Previews for a Digital Library},
	booktitle = {Proceedings of the 11th Annual ACM Symposium on User Interface Software and Technology},
	year = {1998},
	isbn = {1-58113-034-1},
	pages = {143--151},
	location = {San Francisco, California, United States},
	doi = {http://doi.acm.org/10.1145/288392.288595},
	publisher = {ACM},
	address = {New York, NY, USA}
}

@article{Kobayashi2000,
	author = {Kobayashi, Mei and Takeda, Koichi},
	title = {Information Retrieval on the Web},
	journal = {ACM Computing Surveys},
	volume = {32},
	number = {2},
	year = {2000},
	issn = {0360-0300},
	pages = {144--173},
	doi = {http://doi.acm.org/10.1145/358923.358934},
	publisher = {ACM},
	address = {New York, NY, USA},
}

@article{Kosala2000,
	author = {Kosala, Raymond and Blockeel, Hendrik},
	title = {Web Mining Research: A Survey},
	journal = {ACM SIGKDD Explorations Newsletter},
	volume = {2},
	number = {1},
	year = {2000},
	issn = {1931-0145},
	pages = {1--15},
	doi = {http://doi.acm.org/10.1145/360402.360406},
	publisher = {ACM},
	address = {New York, NY, USA},
}

@inproceedings{Kules2006,
	author = {Kules, Bill and Kustanowitz, Jack and Shneiderman, Ben},
	title = {Categorizing web search results into meaningful and stable categories using fast-feature techniques},
	booktitle = {JCDL '06: Proceedings of the 6th ACM/IEEE-CS joint conference on Digital libraries},
	year = {2006},
	isbn = {1-59593-354-9},
	pages = {210--219},
	location = {Chapel Hill, NC, USA},
	doi = {http://doi.acm.org/10.1145/1141753.1141801},
	publisher = {ACM},
	address = {New York, NY, USA}
}

@inproceedings{Paek2004,
	author = {Paek, Tim and Dumais, Susan and Logan, Ron},
	title = {WaveLens: A New View onto Internet Search Results},
	booktitle = {Proceedings of the SIGCHI Conference on Human Factors in Computing Systems},
	year = {2004},
	isbn = {1-58113-702-8},
	pages = {727--734},
	location = {Vienna, Austria},
	doi = {http://doi.acm.org/10.1145/985692.985784},
	publisher = {ACM},
	address = {New York, NY, USA},
}

@inproceedings{Radlinski2006,
	author = {Radlinski, Filip and Dumais, Susan},
	title = {Improving Personalized Web Search using Result Diversification},
	booktitle = {Proceedings of the 29th Annual International ACM SIGIR Conference on Research and Development in Information Retrieval},
	year = {2006},
	isbn = {1-59593-369-7},
	pages = {691--692},
	location = {Seattle, Washington, USA},
	doi = {http://doi.acm.org/10.1145/1148170.1148320},
	publisher = {ACM},
	address = {New York, NY, USA}
}

@techreport{Robertson1997,
	author = {S. E. Robertson and K. Sparck Jones},
	title = {Simple Proven Approaches to Text Retrieval},
	institution = {Cambridge University Computer Laboratory},
	year = {1997},
	number = {TR356}
}

@inproceedings{Sanderson1999,
	author = {Sanderson, Mark and Croft, Bruce},
	title = {Deriving Concept Hierarchies from Text},
	booktitle = {Proceedings of the 22nd Annual International ACM SIGIR Conference on Research and Development in Information Retrieval},
	year = {1999},
	isbn = {1-58113-096-1},
	pages = {206--213},
	location = {Berkeley, California, United States},
	doi = {http://doi.acm.org/10.1145/312624.312679},
	publisher = {ACM},
	address = {New York, NY, USA}
}

@article{Spink2002,
	author = {Spink, Amanda},
	title = {A user-centered approach to evaluating human interaction with web search engines: an exploratory study},
	journal = {Information Processing and Management: an International Journal},
	volume = {38},
	number = {3},
	year = {2002},
	issn = {0306-4573},
	pages = {401--426},
	doi = {http://dx.doi.org/10.1016/S0306-4573(01)00036-X},
	publisher = {Pergamon Press, Inc.},
	address = {Tarrytown, NY, USA}
}

@article{Spink2001,
	author = {Spink, Amanda and Wolfram, Dietmar and Jansen, Major B. J. and Saracevic, Tefko},
	title = {Searching the Web: The Public and Their Queries},
	journal = {Journal of the American Society for Information Science and Technology},
	volume = {52},
	number = {3},
	year = {2001},
	issn = {1532-2882},
 pages = {226--234},
 doi = {http://dx.doi.org/10.1002/1097-4571(2000)9999:9999<::AID-ASI1591>3.3.CO;2-I},
 publisher = {John Wiley \& Sons, Inc.},
 address = {New York, NY, USA}
 }

@inproceedings{Sugiyama2004,
	author = {Sugiyama, Kazunari and Hatano, Kenji and Yoshikawa, Masatoshi},
	title = {Adaptive Web Search Based on User Profile Constructed without Effor from Users},
	booktitle = {Proceedings of the 13th International Conference on World Wide Web},
	year = {2004},
	isbn = {1-58113-844-X},
	pages = {675--684},
	location = {New York, NY, USA},
	doi = {http://doi.acm.org/10.1145/988672.988764},
	publisher = {ACM},
	address = {New York, NY, USA}
}

@inproceedings{Teevan2005,
	author = {Teevan, Jaime and Dumais, Susan T. and Horvitz, Eric},
	title = {Personalizing search via automated analysis of interests and activities},
	booktitle = {Proceedings of the 28th Annual International ACM SIGIR Conference on Research and Development in Information Retrieval},
	year = {2005},
	isbn = {1-59593-034-5},
	pages = {449--456},
	location = {Salvador, Brazil},
	doi = {http://doi.acm.org/10.1145/1076034.1076111},
	publisher = {ACM},
	address = {New York, NY, USA}
}

@article{Vaughan2004,
	author = {Vaughan, Liwen},
	title = {New measurements for search engine evaluation proposed and tested},
	journal = {Information Processing and Management: an International Journal},
	volume = {40},
	number = {4},
	year = {2004},
	issn = {0306-4573},
	pages = {677--691},
	doi = {http://dx.doi.org/10.1016/S0306-4573(03)00043-8},
	publisher = {Pergamon Press, Inc.},
	address = {Tarrytown, NY, USA}
}

@article{Wise1995,
	author = {Wise, J.A. and Thomas, J.J. and Pennock, K. and Lantrip, D. and Pottier, M. and Schur, A. and Crow, V.},
	title = {Visualizing the non-visual: spatial analysis and interaction with information from text documents},
	journal = {Proceedings of the 1995 IEEE Symposium on Information Visualization},
	year = {1995},
	month = {Oct.},
	pages={51-58},
	doi={10.1109/INFVIS.1995.528686}
}

@inproceedings{Zamir1998,
	author = {Zamir, Oren and Etzioni, Oren},
	title = {Web Document Clustering: A Feasibility Demonstration},
	booktitle = {Proceedings of the 21st Annual International ACM SIGIR Conference on Research and Development in Information Retrieval},
	year = {1998},
	isbn = {1-58113-015-5},
	pages = {46--54},
	location = {Melbourne, Australia},
	doi = {http://doi.acm.org/10.1145/290941.290956},
	publisher = {ACM},
	address = {New York, NY, USA}
}

@inproceedings{Zamir1999,
	author = {Oren Zamir and Oren Etzioni},
	title = {Grouper: A Dynamic Clustering Interface to Web Search Results},
	booktitle = {Proceedings of the Eighth International World Wide Web Conference},
	year = {1999},
	pages = {1361--1374}
}




