@misc{MostPopularWebSearchEngines,
	author = {{Nielsen//NetRatings}},
	title = {Nielsen NetRatings Search Engine Ratings},
	howpublished = {\url{http://searchenginewatch.com/2156451}}
}

@inproceedings{Rauber2000,
	author = {Rauber, A. and Bina, H.},
	title = {```Andreas, Rauber'? Conference Pages Are over There, German Documents on the Lower Left...'': An `Old-Fashioned' Approach to Web Search Results Visualization},
	booktitle = {Proceedings of the 11th International Workshop on Database and Expert Systems Applications},
	year = {2000},
	pages = {615-619}
}

@inproceedings{Paulovich2008,
	author = {Paulovich, F.V. and Pinho, R. and Botha, C.P. and Heijs, A. and Minghim, R.},
	title = {PEx-WEB: Content-based Visualization of Web Search Results},
	booktitle = {Proceedings of the 12th International Conference on Information Visualisation},
	year = {2008},
	pages = {208-214}
}

@inproceedings{Einsfeld2006,
	author = {Einsfeld, K. and Agne, S. and Deller, M. and Ebert, A. and Klein, B. and Reuschling, C.},
	title = {Dynamic Visualization and Navigation of Semantic Virtual Environments},
	booktitle = {Proceedings of the Tenth International Conference on Information Visualization},
	year = {2006},
	pages = {569-574}
}

@inproceedings{Tvarozek2008,
	author = {Michal Tvarozek and Maria Bielikova},
	title = {Personalized view-based search and visualization as a means for deep/semantic web data access},
	booktitle = {Proceeding of the 17th International Conference on World Wide Web},
	year = {2008},
	pages = {1023-1024}
}

@inproceedings{Mukherjea1999,
	author = {Mukherjea, S. and Hara, Y.},
	title = {Visualizing World-Wide Web Search Engine Results},
	booktitle = {Proceedings of the 1999 IEEE International Conference on Information Visualization},
	year = {1999},
	pages = {400-405}
}

@inproceedings{Hoeber2006,
	author = {Orland Hoeber and Xue-Dong Yang},
	title = {The Visual Exploration of Web Search Results Using HotMap},
	booktitle = {Proceedings of the 2006 Conference on Information Visualization},
	year = {2006},
	pages = {157-165}
}

@inproceedings{Hoeber2006a,
	author = {Orland Hoeber and Xue-Dong Yang},
	title = {Visually Exploring Concept-Based Fuzzy Clusters in Web Search Results},
	booktitle = {Proceedings of the Atlantic Web Intelligence Conference},
	year = {2006},
	pages = {81-90}
}

@inproceedings{Hoeber2006b,
	author = {Orland Hoeber and Xue-Dong Yang},
	title = {Interactive Web Information Retrieval Using WordBars},
	booktitle = {Proceedings of the IEEE/WIC/ACM International Conference on Web Intelligence},
	year = {2006},
	pages = {875-882}
}

@inproceedings{Zaina2005,
	author = {Cl\'{a}udio Max. Zaina and M. Cec\'{\i}lia C. Baranauskas},
	title = {Revealing Relationships in Search Engine Results},
	booktitle = {Proceedings of the 2005 Latin American Conference on Human-Computer Interaction},
	year = {2005},
	pages = {120-127}
}

@inproceedings{Shneiderman1996,
	author = {Shneiderman, Ben},
	title = {The Eyes Have It: A Task by Data Type Taxonomy for Information Visualizations},
	booktitle = {Proceedings of the 1996 IEEE Symposium on Visual Languages},
	year = {1996},
	pages = {336}
}

@book{Berlin1969,
	author = {Brent Berlin and Paul Kay},
	title = {Basic Color Terms: Their Universality and Evolution},
	publisher = {University of California Press},
	year = {1969},
	address = {Berkley}
}

@book{Ware2004,
	author = {Colin Ware},
	title = {Information Visualization},
	publisher = {Morgan Kaufmann},
	year = {2004},
	address = {San Francisco}
}

@misc{YahooSearchAPI,
	author = {{Yahoo Inc}},
	title = {Yahoo! Search Web Service},
	howpublished = {\url{http://developer.yahoo.com/search/}}
}

@incollection{Porter1997,
	author = {M. F. Porter},
	editor = {Karen Sparck Jones},
	title = {An Algorithm for Suffix Stripping},
	booktitle = {Readings in Information Retrieval},
	year = {1997},
	pages = {313-316},
	publisher = {Morgan Kaufmann},
	address = {San Francisco}
}

@article{Dunn1973,
	author = {J. C. Dunn},
	title = {Fuzzy Relative of the ISODATA Process and Its Use in Detecting Compact Well-Separated Clusters},
	journal = {Journal of Cybernetics},
	year = {1973},
	volume = {3},
	number = {3},
	pages = {32-57}
}

@book{Bezdek1981,
	author = {James C. Bezdek},
	title = {Pattern Recognition with Fuzzy Objective Function Algorithms},
	publisher = {Plenum Press},
	year = {1981},
	address = {New York}
}

@phdthesis{Stutz1999,
	author = {Christiane Stutz},
	title = {Anwendungsspezifische Fuzzy-Clustermethoden},
	school = {TU M\"{u}nchen},
	year = {1999},
	address = {Sankt Augustin}
}

@inproceedings{Healey1996,
	title = {Choosing Effective Colours for Data Visualization},
	author = {Healey, C.G.},
	booktitle = {Proceedings of the 1996 Conference on Visualization},
	year = {1996},
	pages = {263-270}
}

