@book{definition:shneiderman,
	title = "Readings in Information Visualization – Using Vision to Think",
	editor = "S.K. Card and J. Mackinlay and B. Shneiderman",
	publisher = "Morgan Kaufmann",
	year = 1998
}

@misc{lecture:orland,
	title = "Information Visualization",
	author = "Orland Hoeber",
	note = "Memorial University of Newfoundland - Department of Computer Science",
	howpublished = "Lecture Notes",
	year = "2009"
} 

@book{definition:ware,
	title = "Information Visualization: Perception for Design",
	author = "Colin Ware",
	publisher =	"Morgan Kaufmann Publishers",
	year =	"2004"
}

@techreport{definition:gee,
	title = "Dynamic and Interactive Dimensional Anchors for Spring-Based Visualizations",
	author = "A.G. Gee and M. Yu and G.G. Grinstein",
	year = 2005,
	institution = "University of Massachussetts Lowell"
}

@misc{definition:uiuc,
	title = "UIUC DLI Glossary",
	author = "UIUC",
	note = "University of Illinois at Urbana-Champaign Digital Libraries Initiative",
	howpublished = "http://dli.grainger.uiuc.edu/glossary.htm",
	year = 1998
}

@article{research:collaborative:zhao,
	title={Collaborative Visualization of Large Scale Datasets Using Web Services},
	author={Yongwang Zhao and Chunyang Hu and Yonggang Huang and Dianfu Ma},
	journal={Internet and Web Applications and Services, 2007. ICIW '07. Second International Conference on},
	year={2007},
	month={May},
	pages={62-62},
	doi={10.1109/ICIW.2007.22},
}

@article{research:collaborative:anupam,
	title={Distributed and collaborative visualization},
	author={Anupam, V. and Bajaj, C. and Schikore, D. and Schikore, M.},
	journal={Computer},
	year={1994},
	month={Jul},
	volume={27},
	number={7},
	pages={37-43},
	doi={10.1109/2.299409},
	ISSN={0018-9162}
}

@inproceedings{research:collaborative:heer,
	author = {Jeffrey Heer and Fernanda B. Vi\'{e}gas and Martin Wattenberg},
	title = {Voyagers and voyeurs: supporting asynchronous collaborative information visualization},
	booktitle = {CHI '07: Proceedings of the SIGCHI conference on Human factors in computing systems},
	year = {2007},
	isbn = {978-1-59593-593-9},
	pages = {1029--1038},
	location = {San Jose, California, USA},
	doi = {http://doi.acm.org/10.1145/1240624.1240781},
	publisher = {ACM},
	address = {New York, NY, USA},
}

@article{research:collaborative:johnson,
	author = {Greg Johnson and T. Todd Elvins},
	title = {Introduction to collaborative visualization},
	journal = {SIGGRAPH Comput. Graph.},
	volume = {32},
	number = {2},
	year = {1998},
	issn = {0097-8930},
	pages = {8--11},
	doi = {http://doi.acm.org/10.1145/282037.282039},
	publisher = {ACM},
	address = {New York, NY, USA},
}

@inproceedings{research:collaborative:balakrishnan,
	author = {Aruna D. Balakrishnan and Susan R. Fussell and Sara Kiesler},
	title = {Do visualizations improve synchronous remote collaboration?},
	booktitle = {CHI '08: Proceeding of the twenty-sixth annual SIGCHI conference on Human factors in computing systems},
	year = {2008},
	isbn = {978-1-60558-011-1},
	pages = {1227--1236},
	location = {Florence, Italy},
	doi = {http://doi.acm.org/10.1145/1357054.1357246},
	publisher = {ACM},
	address = {New York, NY, USA},
}

@inproceedings{research:collaborative:bajaj,
	author = {C. Bajaj and S. Cutchin},
	title = {Web based collaborative visualization of distributed and parallel simulation},
	booktitle = {PVGS '99: Proceedings of the 1999 IEEE symposium on Parallel visualization and graphics},
	year = {1999},
	isbn = {1-58113-237-9},
	pages = {47--54},
	location = {San Francisco, California, United States},
	doi = {http://doi.acm.org/10.1145/328712.319336},
	publisher = {IEEE Computer Society},
	address = {Washington, DC, USA},
}

@inproceedings{research:scalability:yost,
	author = {Beth Yost and Yonca Haciahmetoglu and Chris North},
	title = {Beyond visual acuity: the perceptual scalability of information visualizations for large displays},
	booktitle = {CHI '07: Proceedings of the SIGCHI conference on Human factors in computing systems},
	year = {2007},
	isbn = {978-1-59593-593-9},
	pages = {101--110},
	location = {San Jose, California, USA},
	doi = {http://doi.acm.org/10.1145/1240624.1240639},
	publisher = {ACM},
	address = {New York, NY, USA},
}

@inproceedings{research:scalability:ball,
	author = {Robert Ball and Chris North},
	title = {Effects of tiled high-resolution display on basic visualization and navigation tasks},
	booktitle = {CHI '05: CHI '05 extended abstracts on Human factors in computing systems},
	year = {2005},
	isbn = {1-59593-002-7},
	pages = {1196--1199},
	location = {Portland, OR, USA},
	doi = {http://doi.acm.org/10.1145/1056808.1056875},
	publisher = {ACM},
	address = {New York, NY, USA}
}

@article{research:text:weber,
	title={Text Visualization - What Colors Tell About a Text},
	author={Weber, W.},
	journal={Information Visualization, 2007. IV '07. 11th International Conference},
	year={2007},
	month={July},
	pages={354-362},
	doi={10.1109/IV.2007.108},
	ISSN={1550-6037}
}

@article{research:text:huang,
	title={Exploration of dimensionality reduction for text visualization},
	author={Shiping Huang and Ward, M.O. and Rundensteiner, E.A.},
	journal={Coordinated and Multiple Views in Exploratory Visualization, 2005. (CMV 2005). Proceedings. Third International Conference on},
	year={2005},
	month={July},
	pages={63-74},
	doi={10.1109/CMV.2005.8}
}

@article{research:text:rohrer,
	title={The shape of Shakespeare: visualizing text using implicit surfaces },
	author={Rohrer, R.M. and Ebert, D.S. and Sibert, J.L.},
	journal={Information Visualization, 1998. Proceedings. IEEE Symposium on},
	year={1998},
	month={Oct},
	pages={121-129, 160},
	doi={10.1109/INFVIS.1998.729568}
}

@article{research:text:wattenberg,
	title={The Word Tree, an Interactive Visual Concordance},
	author={Wattenberg, M. and Viegas, F.B.},
	journal={Visualization and Computer Graphics, IEEE Transactions on},
	year={2008},
	month={Nov.-Dec. },
	volume={14},
	number={6},
	pages={1221-1228},
	doi={10.1109/TVCG.2008.172},
	ISSN={1077-2626}
}



@inproceedings{research:dimensions:hanson,
	author = {Andrew J. Hanson and Robert A. Cross},
	title = {Interactive visualization methods for four dimensions},
	booktitle = {VIS '93: Proceedings of the 4th conference on Visualization '93},
	year = {1993},
	isbn = {0-8186-3940-7},
	pages = {196--203},
	location = {San Jose, California}},
}

@inproceedings{research:dimensions:yang,
	author = {J. Yang and M. O. Ward and E. A. Rundensteiner and S. Huang},
	title = {Visual hierarchical dimension reduction for exploration of high dimensional datasets},
	booktitle = {VISSYM '03: Proceedings of the symposium on Data visualisation 2003},
	year = {2003},
	isbn = {1-58113-698-6},
	pages = {19--28},
	location = {Grenoble, France},
	publisher = {Eurographics Association},
	address = {Aire-la-Ville, Switzerland, Switzerland},
}

@inproceedings{research:dimensions:riazati,
	author = {Dariush Riazati and James A. Thom and Xiuzhen Zhang},
	title = {Drill across \& visualization of cubes with non-conformed dimensions},
	booktitle = {ADC '08: Proceedings of the nineteenth conference on Australasian database},
	year = {2007},
	isbn = {978-1-920682-56-9},
	pages = {97--105},
	location = {Gold Coast, Australia},
	publisher = {Australian Computer Society, Inc.},
	address = {Darlinghurst, Australia, Australia},
}

@misc{research:dimensions:peng,
	author = {Wei Peng and Matthew O. Ward and Elke A. Rundensteiner},
	title = {Clutter Reduction in Multi-Dimensional Data Visualization Using Dimension Reordering},
	howpublished = {http://vis.computer.org/vis2004/DVD/infovis/papers/peng.pdf},
	year = {2004}
}

@article{research:dimensions:artero,
	title={Enhanced High Dimensional Data Visualization through Dimension Reduction and Attribute Arrangement},
	author={Artero, A.O. and de Oliveira, M.C.F. and Levkowitz, H.},
	journal={Information Visualization, 2006. IV 2006. Tenth International Conference on},
	year={2006},
	month={July},
	pages={707-712},
	doi={10.1109/IV.2006.49},
	ISSN={1550-6037}
}

@article{research:ranking:kidwell,
	title={Visualizing Incomplete and Partially Ranked Data},
	author={Kidwell, P. and Lebanon, G. and Cleveland, W.S.},
	journal={Visualization and Computer Graphics, IEEE Transactions on},
	year={2008},
	month={Nov.-Dec. },
	volume={14},
	number={6},
	pages={1356-1363},
	doi={10.1109/TVCG.2008.181},
	ISSN={1077-2626}
}

@article{research:ranking:freiler,
	title={Interactive Visual Analysis of Set-Typed Data},
	author={Freiler, W. and Matkovic, K. and Hauser, H.},
	journal={Visualization and Computer Graphics, IEEE Transactions on},
	year={2008},
	month={Nov.-Dec. },
	volume={14},
	number={6},
	pages={1340-1347},
	doi={10.1109/TVCG.2008.144},
	ISSN={1077-2626}
}

@article{research:interaction:tu,
	title={Balloon Focus: a Seamless Multi-Focus+Context Method for Treemaps},
	author={Ying Tu and Han-Wei Shen},
	journal={Visualization and Computer Graphics, IEEE Transactions on},
	year={2008},
	month={Nov.-Dec. },
	volume={14},
	number={6},
	pages={1157-1164},
	doi={10.1109/TVCG.2008.114},
	ISSN={1077-2626}
}

@article{research:interaction:lam,
	title={A Framework of Interaction Costs in Information Visualization},
	author={Lam, H.},
	journal={Visualization and Computer Graphics, IEEE Transactions on},
	year={2008},
	month={Nov.-Dec. },
	volume={14},
	number={6},
	pages={1149-1156},
	doi={10.1109/TVCG.2008.109},
	ISSN={1077-2626}
}

@article{research:geography:dykes,
	title={Geographically Weighted Visualization: Interactive Graphics for Scale-Varying Exploratory Analysis},
	author={Dykes, J. and Brunsdon, C.},
	journal={Visualization and Computer Graphics, IEEE Transactions on},
	year={2007},
	month={Nov.-Dec. },
	volume={13},
	number={6},
	pages={1161-1168},
	doi={10.1109/TVCG.2007.70558},
	ISSN={1077-2626}
}

@article{research:geography:fisher,
	title={Hotmap: Looking at Geographic Attention},
	author={Fisher, D.},
	journal={Visualization and Computer Graphics, IEEE Transactions on},
	year={2007},
	month={Nov.-Dec. },
	volume={13},
	number={6},
	pages={1184-1191},
	doi={10.1109/TVCG.2007.70561},
	ISSN={1077-2626}
}

@article{research:reuse:humphrey,
	author = {Matthew C. Humphrey},
	title = {Creating Reusable Visualizations with the Relational Visualization Notation},
	journal ={Visualization Conference, IEEE},
	volume = {0},
	year = {2000},
	issn = {1070-2385},
	pages = {5},
	doi = {http://doi.ieeecomputersociety.org/10.1109/VISUAL.2000.885676},
	publisher = {IEEE Computer Society},
	address = {Los Alamitos, CA, USA}
}