@inproceedings{Benjamin2008,
	author = {Benjamin, C.M.X. and Woon, W.L. and Wong, K.S.D.},
	title = {A Graphical and Convenient Tool for Document Comparison and Visualization},
	booktitle = {Proceedings of the International Conference on Computer and Communication Engineering},
	pages = {362-367},
	year = 2008,
	month = {May},
	doi = {10.1109/ICCCE.2008.4580629}
}

@inproceedings{Einsfeld2006,
	author = {Einsfeld, K. and Agne, S. and Deller, M. and Ebert, A. and Klein, B. and Reuschling, C.},
	title = {Dynamic Visualization and Navigation of Semantic Virtual Environments},
	booktitle = {Proceedings of the Tenth International Conference on Information Visualization},
	pages = {569-574},
	year = {2006},
	month = {July},
	doi = {10.1109/IV.2006.46},
	issn = {1550-6037}
}

@misc{Google2009,
	author = {{Google Inc.}},
	title = {Google Search},
	note = {http://www.google.com},
	year = 2009
}

@inproceedings{Hoeber2006,
	author = {O. Hoeber and X. D. Yang},
	title = {Visually Exploring Concept-Based Fuzzy Clusters in Web Search Results},
	booktitle = {Proceedings of the 4th International Atlantic Web Intelligence Conference},
	year = {2006},
	pages = {81-90}
}

@inproceedings{Konchady1998,
	author = {Manu Konchady and Ray D'Amore and Gary Valley},
	title = {A Web Based Visualization for Documents},
	booktitle = {Proceedings of the 1998 Workshop on New Paradigms in Information Visualization and Manipulation},
	pages = {13-19},
	year = {1998},
	address = {New York, NY, USA},
	publisher = {ACM},
	doi = {http://doi.acm.org/10.1145/324332.324335},
	isbn = {1-58113-179-8},
	location = {Washington, D.C., United States}
}

@inproceedings{Mukherjea1996,
	author = {Mukherjea, S. and Hirata, K. and Hara, Y.},
	title = {Visualizing the Results of Multimedia Web Search Engines},
	booktitle = {Proceedings of the 1996 IEEE Symposium on Information Visualization},
	pages = {64-65, 122},
	year = {1996},
	month = {Oct},
	doi = {10.1109/INFVIS.1996.559219},

}

@inproceedings{Mukherjea1999,
	author = {Mukherjea, S. and Hara, Y.},
	title = {Visualizing World-Wide Web Search Engine Results},
	booktitle = {Proceedings of the 1999 IEEE International Conference on Information Visualization},
	pages = {400-405},
	year = {1999},
	doi = {10.1109/IV.1999.781588},

}

@inproceedings{Nowell1996,
	author = {Lucy Terry Nowell and Robert K. France and Deborah Hix and Lenwood S. Heath and Edward A. Fox},
	title = {Visualizing Search Results: Some Alternatives to Query-Document Similarity},
	booktitle = {Proceedings of the 19th Annual International ACM SIGIR Conference on Research and Development in Information Retrieval},
	pages = {67-75},
	year = {1996},
	address = {New York, NY, USA},
	publisher = {ACM},
	doi = {http://doi.acm.org/10.1145/243199.243214},
	isbn = {0-89791-792-8},
	location = {Zurich, Switzerland}
}

@inproceedings{Paulovich2008,
	author = {Paulovich, F.V. and Pinho, R. and Botha, C.P. and Heijs, A. and Minghim, R.},
	title = {PEx-WEB: Content-based Visualization of Web Search Results},
	pages = {208-214},
	year = {2008},
	month = {July},
	doi = {10.1109/IV.2008.94},
	issn = {1550-6037},
	journal = {Proceedings of the 12th International Conference on Information Visualisation}
}

@inproceedings{Rauber2000,
	author = {Rauber, A. and Bina, H.},
	title = {```Andreas, Rauber'? Conference Pages Are over There, German Documents on the Lower Left...'': An ``Old-Fashioned'' Approach to Web Search Results Visualization},
	booktitle = {Proceedings of the 11th International Workshop on Database and Expert Systems Applications},
	pages = {615-619},
	year = 2000,
	doi = {10.1109/DEXA.2000.875088},
	lockkey = {Y}
}

@inproceedings{Roussinov1999,
	author = {Dmitri Roussinov},
	title = {Internet Search using Adaptive Visualization},
	booktitle = {Extended Abstracts of the 1999 Conference on Human Factors in Computing Systems},
	pages = {69-70},
	year = {1999},
	address = {New York, NY, USA},
	publisher = {ACM},
	doi = {http://doi.acm.org/10.1145/632716.632760},
	isbn = {1-58113-158-5},
	location = {Pittsburgh, Pennsylvania}
}

@inproceedings{Sebrechts1999,
	author = {Marc M. Sebrechts and John V. Cugini and Sharon J. Laskowski and Joanna Vasilakis and Michael S. Miller},
	title = {Visualization of Search Results: A Comparative Evaluation of Text, 2D, and 3D Interfaces},
	booktitle = {Proceedings of the 22nd Annual International ACM SIGIR Conference on Research and Development in Information Retrieval},
	pages = {3-10},
	year = {1999},
	address = {New York, NY, USA},
	publisher = {ACM},
	doi = {http://doi.acm.org/10.1145/312624.312634},
	isbn = {1-58113-096-1},
	location = {Berkeley, California, United States}
}

@inproceedings{Tvarozek2008,
	author = {Michal Tvarozek and Maria Bielikova},
	title = {Personalized View-Based Search and Visualization as a Means for Deep/Semantic Web Data Access},
	booktitle = {Proceeding of the 17th International Conference on World Wide Web},
	pages = {1023-1024},
	year = {2008},
	address = {New York, NY, USA},
	publisher = {ACM},
	doi = {http://doi.acm.org/10.1145/1367497.1367637},
	isbn = {978-1-60558-085-2},
	location = {Beijing, China}
}

@inproceedings{Weippl2001,
	author = {Weippl, E.},
	title = {Visualizing Content-based Relations in Texts},
	booktitle = {Proceedings of the Second Australasian User Interface Conference},
	pages = {34-41},
	year = {2001},
	doi = {10.1109/AUIC.2001.906274},

}

@inproceedings{Weiss2001,
	title = {Visualising Document Content with Metadata to Facilitate Goal-Directed Search},
	author = {Weiss-Lijn, M. and McDonnell, J.T. and James, L.},
	booktitle = {Proceedings of the Fifth International Conference on Information Visualisation},
	year = {2001},
	pages = {71-76},
	doi={10.1109/IV.2001.942041}
}

@inproceedings{Zaina2005,
	author = {Cl\'{a}udio Max. Zaina and M. Cec\'{\i}lia C. Baranauskas},
	title = {Revealing Relationships in Search Engine Results},
	booktitle = {Proceedings of the 2005 Latin American Conference on Human-computer Interaction},
	pages = {120-127},
	year = {2005},
	address = {New York, NY, USA},
	publisher = {ACM},
	doi = {http://doi.acm.org/10.1145/1111360.1111372},
	isbn = {1-59593-224-0},
	location = {Cuernavaca, Mexico}
}