#Created by Kbib version 0.6.5
#Last modified: Wed Mar 18 18:02:13 2009


@book{Bezdek1981,
	author = {James C. Bezdek},
	title = {Pattern Recognition with Fuzzy Objective Function Algorithms},
	publisher = {Plenum Press},
	year = 1981,
	address = {New York},
	comment = {Algorithm
Clustering
Fuzzy
C-Means},
	lockkey = {Y}
}

@inproceedings{Kumar2008,
	author = {Harshit Kumar and Sanggil Kang},
	title = {Another Face of Search Engine: Web Search APIâ€™s},
	booktitle = {Proceedings of the 21st International Conference on Industrial, Engineering & Other Applications of Applied Intelligent Systems},
	pages = {311-320},
	year = 2008,
	volume = {5027/2008},
	series = {Lecture Notes in Computer Science},
	publisher = {Springer Berlin / Heidelberg},
	lockkey = {Y}
}

@inproceedings{DiNuovo2007,
	author = {Di Nuovo, A.G. and Palesi, M. and Catania, V.},
	title = {Multi-Objective Evolutionary Fuzzy Clustering for High-Dimensional Problems},
	booktitle = {Proceedings of the 2007 IEEE International Fuzzy Systems Conference},
	pages = {1-6},
	year = 2007,
	month = {July},
	keywords = {fuzzy set theory, genetic algorithms, pattern clusteringGenetic Fuzzy System, Pareto set, feature selection, high-dimensional problems, multi-objective evolutionary fuzzy clustering, number discovery},
	doi = {10.1109/FUZZY.2007.4295660},
	issn = {1098-7584},
	lockkey = {Y}
}

