@inproceedings{network:abdullah,
	author = {Kulsoom Abdullah and Lee, C. and Conti, G. and Copeland, J.A.},
	title = {Visualizing network data for intrusion detection},
	booktitle = {Proceedings of the Sixth Annual IEEE SMC. Information Assurance Workshop},
	year = {2005},
	month = {June},
	pages = {100-108},
	doi = {10.1109/IAW.2005.1495940}
}

@inproceedings{search:other:alonso,
	author = {Alonso, O. and Baeza-Yates, R.},
	title = {Alternative implementation techniques for Web text visualization},
	booktitle = {Proceedings of the First Latin American Web Congress},	
	year = {2003},
	month = {Nov.},
	pages = { 202-204},
	doi = {10.1109/LAWEB.2003.1250298}
}

@inproceedings{network:ball,
 author = {Robert Ball and Glenn A. Fink and Chris North},
 title = {Home-centric visualization of network traffic for security administration},
 booktitle = {Proceedings of the 2004 ACM Workshop on Visualization and Data Mining for Computer Security},
 year = {2004},
 isbn = {1-58113-974-8},
 pages = {55--64},
 location = {Washington DC, USA},
 doi = {http://doi.acm.org/10.1145/1029208.1029217},
 publisher = {ACM},
 address = {New York, NY, USA},
 }
 
@inproceedings{network:other:becker,
	author = {Becker, R.A. and Eick, S.G. and Miller, E.O. and Wilks, A.R.},
	title = {Dynamic graphics for network visualization},
	booktitle = {Proceedings of the First IEEE Conference on Visualization},
	year = {1990},
	month = {Oct},
	pages = {93-96, 467},
	doi = {10.1109/VISUAL.1990.146369}
}

@article{network:other:becker2,
	author = {Becker, R.A. and Eick, S.G. and Wilks, A.R.},
	title = {Visualizing network data},
	journal = {IEEE Transactions on Visualization and Computer Graphics},
	year = {1995},
	month = {Mar},
	volume = {1},
	number = {1},
	pages = {16-28},
	doi = {10.1109/2945.468391},
	ISSN = {1077-2626}
}

@inproceedings{search:other:benjamin,
	author = {Benjamin, C.M.X. and Woon, W.L. and Wong, K.S.D.},
	title = {A graphical and convenient tool for document comparison and visualization},
	journal = {Proceedings of the 2008 International Conference on Computer and Communication Engineering},
	year = {2008},
	month = {May},
	pages = {362-367},
	doi = {10.1109/ICCCE.2008.4580629}
}

@book{color:Berlin,
	author = {Brent Berlin and Paul Kay},
	title = {Basic Color Terms: Their Universality and Evolution},
	year = 1969,
	publisher = {University of California Press}
}

@inproceeding{search:other:einsfeld,
	author = {Einsfeld, K. and Agne, S. and Deller, M. and Ebert, A. and Klein, B. and Reuschling, C.},
	title = {Dynamic Visualization and Navigation of Semantic Virtual Environments},
	booktitle = {Proceedings of the Tenth International Conference on Information Visualization},
	year = {2006},
	month = {July},
	pages = {569-574},
	doi = {10.1109/IV.2006.46},
	ISSN = {1550-6037}
}

@phdthesis{search:other:hoeber,
	author = {Orland Hoeber},
	title = {A Study on Interactive Visualization for Web Information Retrieval},
	school = {Department of Computer Science, University of Regina},
	address = {Regina, SK, Canada},
	month = {April},
	year = 2007
}

@inproceedings{network:other:iliofotou,
	author = {Marios Iliofotou and Prashanth Pappu and Michalis Faloutsos and Michael Mitzenmacher and Sumeet Singh and George Varghese},
	title = {Network monitoring using traffic dispersion graphs (tdgs)},
	booktitle = {Proceedings of the 7th ACM SIGCOMM Conference on Internet Measurement},
	year = {2007},
	isbn = {978-1-59593-908-1},
	pages = {315--320},
	location = {San Diego, California, USA},
	doi = {http://doi.acm.org/10.1145/1298306.1298349},
	publisher = {ACM},
	address = {New York, NY, USA}
}

@inproceeding{network:other:keim,
	author = {Keim, D.A. and Mansmann, F. and Schneidewind, J. and Schreck, T.},
	title = {Monitoring Network Traffic with Radial Traffic Analyzer},
	booktitle = {Proceedings of the 2006 IEEE Symposium On Visual Analytics Science And Technology},
	year = {2006},
	month = {31 2006-Nov. 2},
	pages = {123-128},
	doi = {10.1109/VAST.2006.261438}
}

@inproceedings{network:other:komlodi,
	author = {Anita Komlodi and John R. Goodall and Wayne G. Lutters},
	title = {An Information Visualization Framework for Intrusion Detection},
	booktitle = {CHI '04 extended abstracts on Human Factors in Computing Systems},
	year = {2004},
	isbn = {1-58113-703-6},
	pages = {1743},
	location = {Vienna, Austria},
	doi = {http://doi.acm.org/10.1145/985921.1062935},
	publisher = {ACM},
	address = {New York, NY, USA}
}

@inproceedings{search:other:konchady,
	author = {Manu Konchady and Ray D'Amore and Gary Valley},
	title = {A Web based visualization for documents},
 	booktitle = {Proceedings of the 1998 workshop on New Paradigms in Information Visualization and Manipulation},
	year = {1998},
	isbn = {1-58113-179-8},
	pages = {13--19},
	location = {Washington, D.C., United States},
	doi = {http://doi.acm.org/10.1145/324332.324335},
	publisher = {ACM},
	address = {New York, NY, USA}
}

@inproceedings{network:other:lemal,
	author = {Erwan Le Mal\'{e}cot and Masayoshi Kohara and Yoshiaki Hori and Kouichi Sakurai},
	title = {Interactively combining 2D and 3D visualization for network traffic monitoring},
	booktitle = {Proceedings of the 3rd International Workshop on Visualization for Computer Security},
	year = {2006},
	isbn = {1-59593-549-5},
	pages = {123--127},
	location = {Alexandria, Virginia, USA},
	doi = {http://doi.acm.org/10.1145/1179576.1179600},
	publisher = {ACM},
	address = {New York, NY, USA}
}

@inproceedings{search:other:mukherjea,
	author = {Mukherjea, S. and Hara, Y.},
	title = {Visualizing World-Wide Web search engine results},
	booktitle = {Proceedings of the 1999 IEEE International Conference on Information Visualization},
	year = {1999},
	pages = {400-405},
	doi = {10.1109/IV.1999.781588}
}

@inproceedings{search:other:mukherje2,
	author = {Mukherjea, S. and Hirata, K. and Hara, Y.},
	title = {Visualizing the results of multimedia Web search engines},
	booktitle = {Proceedings of the 1996 IEEE Symposium on Information Visualization},
	year = {1996},
	month = {Oct},
	pages = {64-65, 122},
	doi = {10.1109/INFVIS.1996.559219}
}

@inproceedings{search:other:nowell,
	author = {Lucy Terry Nowell and Robert K. France and Deborah Hix and Lenwood S. Heath and Edward A. Fox},
	title = {Visualizing search results: some alternatives to query-document similarity},
	booktitle = {Proceedings of the 19th annual International ACM SIGIR Conference on Research and Development in Information Retrieval},
	year = {1996},
	isbn = {0-89791-792-8},
	pages = {67--75},
	location = {Zurich, Switzerland},
	doi = {http://doi.acm.org/10.1145/243199.243214},
	publisher = {ACM},
	address = {New York, NY, USA}
}

@inproceedings{network:other:oline,
	author = {Oline, A. and Reiners, D.},
	title = {Exploring three-dimensional visualization for intrusion detection},
	booktitle = {Proceedings of the 2005 IEEE Workshop on Visualization for Computer Security},
	year = {2005},
	month = {Oct.},
	pages = {113-120},
	doi = {10.1109/VIZSEC.2005.1532073}
}

@inproceedings{search:other:paulovich,
	author = {Paulovich, F.V. and Pinho, R. and Botha, C.P. and Heijs, A. and Minghim, R.},
	title = {PEx-WEB: Content-based Visualization of Web Search Results},
	booktitle = {Proceedings of the 12th International Conference on Information Visualisation},
	year = {2008},
	month = {July},
	pages = {208-214},
	doi = {10.1109/IV.2008.94},
	ISSN = {1550-6037}
}

@inproceedings{search:other:rauber,
	author = {Rauber, A. and Bina, H.},
	title = {"'Andreas, Rauber'? Conference pages are over there, German documents on the lower left...": an "old-fashioned" approach to Web search results visualization},
	booktitle = {Proceedings of the 11th International Workshop on Database and Expert Systems Applications},
	year = {2000},
	pages = {615-619},
	doi = {10.1109/DEXA.2000.875088}
}

@inproceedings{search:other:russinov,
	author = {Dmitri Roussinov},
	title = {Internet search using adaptive visualization},
	booktitle = {CHI '99 extended abstracts on Human Factors in Computing Systems},
	year = {1999},
	isbn = {1-58113-158-5},
	pages = {69--70},
	location = {Pittsburgh, Pennsylvania},
	doi = {http://doi.acm.org/10.1145/632716.632760},
	publisher = {ACM},
	address = {New York, NY, USA}
}

@inproceedings{search:sebrechts,
	author = {Marc M. Sebrechts and John V. Cugini and Sharon J. Laskowski and Joanna Vasilakis and Michael S. Miller},
	title = {Visualization of search results: a comparative evaluation of text, 2D, and 3D interfaces},
	booktitle = {Proceedings of the 22nd annual international ACM SIGIR Conference on Research and Development in Information Retrieval},
	year = {1999},
	isbn = {1-58113-096-1},
	pages = {3--10},
	location = {Berkeley, California, United States},
	doi = {http://doi.acm.org/10.1145/312624.312634},
	publisher = {ACM},
	address = {New York, NY, USA}
}

@inproceedings{visualization:shneiderman,
	author = {Shneiderman, B.},
	title = {The eyes have it: a task by data type taxonomy for information visualizations},
	journal = {Proceedings of the 1996 IEEE Symposium on Visual Languages},
	year = {1996},
	month = {Sep},
	pages = {336-343},
	doi = {10.1109/VL.1996.545307}
}

@inproceedings{search:other:tvarozek,
	author = {Michal Tvarozek and Maria Bielikova},
	title = {Personalized view-based search and visualization as a means for deep/semantic web data access},
	booktitle = {Proceeding of the 17th International Conference on World Wide Web},
	year = {2008},
	isbn = {978-1-60558-085-2},
	pages = {1023--1024},
	location = {Beijing, China},
	doi = {http://doi.acm.org/10.1145/1367497.1367637},
	publisher = {ACM},
	address = {New York, NY, USA}
}

@inproceedings{search:other:weippl,
	author = {Weippl, E.},
	title = {Visualizing content based relations in texts},
	booktitle = {Proceedings of the Second Australasian User Interface Conference},
	year = {2001},
	pages = {34-41},
	doi = {10.1109/AUIC.2001.906274}
}

@inproceedings{search:other:lijn,
	author = {Weiss-Lijn, M. and McDonnell, J.T. and James, L.},
	title = {Visualising document content with metadata to facilitate goal-directed search},
	booktitle = {Proceedings of the Fifth International Conference on Information Visualisation},
	year = {2001},
	pages = {71-76},
	doi = {10.1109/IV.2001.942041}
}

@journal{search:other:wong,
	author = {Pak Chung Wong},
	title = {Adding a Visualization Feature to Web Search Engines: It's Time},
	journal = {IEEE Computer Graphics and Applications},
	year = {2008},
	month = {Nov.-Dec.},
	volume = {28},
	number = {6},
	pages = {11-13},
	doi = {10.1109/MCG.2008.110},
	ISSN = {0272-1716}
}

@inproceedings{network:other:yoshida,
	author = {Yoshida, K. and Shomura, Y. and Watanabe, Y.},
	title = {Visualizing Network Status},
	booktitle = {Proceedings of the 2007 International Conference on Machine Learning and Cybernetics},
	year = {2007},
	month = {Aug.},
	volume = {4},
	pages = {2094-2099},
	doi = {10.1109/ICMLC.2007.4370490}
}

@inproceedings{search:zaina,
	author = {Cl\'{a}udio Max. Zaina and M. Cec\'{\i}lia C. Baranauskas},
	title = {Revealing relationships in search engine results},
	booktitle = {Proceedings of the 2005 Latin American Conference on Human-Computer Interaction},
	year = {2005},
	isbn = {1-59593-224-0},
	pages = {120--127},
	location = {Cuernavaca, Mexico},
	doi = {http://doi.acm.org/10.1145/1111360.1111372},
	publisher = {ACM},
	address = {New York, NY, USA}
}