@inproceedings{Alonso2000,
	author = {Alonso, O. and Baeza-Yates, R.},
	title = {A Model and Software Architecture for Search Results Visualization on the WWW},
	booktitle = {Proceedings of the Seventh International Symposium on String Processing Information Retrieval},
	year = {2000},
	isbn = {0-7695-0746-8},
	pages = {8},
	publisher = {IEEE Computer Society},
	address = {Washington, DC, USA}
}

@inproceedings{Alonso2003,
	title = {Alternative Implementation Techniques for Web Text Visualization},
	author = {Alonso, O. and Baeza-Yates, R.},
	booktitle = {Proceedings of the First Latin American Web Congress},
	year = {2003},
	month = {Nov.},
	pages = {202-204},
	doi = {10.1109/LAWEB.2003.1250298}
}

@inproceedings{Benjamin2008,
	title = {A Graphical and Convenient Tool for Document Comparison and Visualization},
	author = {Benjamin, C.M.X. and Woon, W.L. and Wong, K.S.D.},
	booktitle = {Proceedings of the International Conference on Computer and Communication Engineering},
	year = {2008},
	month = {May},
	pages = {362-367},
	doi = {10.1109/ICCCE.2008.4580629}
}

@inproceedings{Shneiderman1996,
	author = {Shneiderman, B.},
	title = {The Eyes Have It: A Task by Data Type Taxonomy for Information Visualizations},
	journal = {Proceedings of the 1996 IEEE Symposium on Visual Languages},
	year = {1996},
	month = {Sep},
	pages = {336-343},
	doi = {10.1109/VL.1996.545307}
}

@article{Mackinlay1986,
	author = {Mackinlay, Jock},
	title = {Automating the Design of Graphical Presentations of Relational Information},
	journal = {ACM Transactions on Graphics},
	volume = {5},
	number = {2},
	year = {1986},
	issn = {0730-0301},
	pages = {110--141},
	doi = {http://doi.acm.org/10.1145/22949.22950},
	publisher = {ACM},
	address = {New York, NY, USA}
}

@book{Bertin1967,
	author = {Jaques Bertin},
	title = {Semiologie Graphique:  Les Diagrammers, Les Reseaux, Les Cartes},
	year = {1967},
	publisher = {Editions Gauthier-Villars},
	address = {Paris}
}

@book{Ware2004,
	author = {Colin Ware},
	title = {Information Visualization},
	year = {2004},
	publisher = {Morgan Kaufmann},
	address = {San Francisco},
	pages = {273--274}
}


@inproceedings{Benjamin2008,
	title = {A Graphical and Convenient Tool for Document Comparison and Visualization},
	author = {Benjamin, C.M.X. and Woon, W.L. and Wong, K.S.D.},
	booktitle = {Proceedings of the International Conference on Computer and Communication Engineering},
	year = {2008},
	month = {May},
	pages = {362-367},
	doi = {10.1109/ICCCE.2008.4580629}
}

@inproceedings{Roussinov1999,
	author = {Dmitri Roussinov},
	title = {Internet Search using Adaptive Visualization},
	booktitle = {Extended Abstracts of the 1999 Conference on Human Factors in Computing Systems},
	year = {1999},
	isbn = {1-58113-158-5},
	pages = {69--70},
	location = {Pittsburgh, Pennsylvania},
	doi = {http://doi.acm.org/10.1145/632716.632760},
	publisher = {ACM},
	address = {New York, NY, USA}
}

@inproceedings{Einsfeld2006,
	title = {Dynamic Visualization and Navigation of Semantic Virtual Environments},
	author = {Einsfeld, K. and Agne, S. and Deller, M. and Ebert, A. and Klein, B. and Reuschling, C.},
	booktitle = {Proceedings of the Tenth International Conference on Information Visualization},
	year = {2006},
	month = {July},
	pages = {569-574},
	doi = {10.1109/IV.2006.46},
	ISSN = {1550-6037}
}

@inproceedings{Mukherjea1999,
	title = {Visualizing World-Wide Web Search Engine Results},
	author = {Mukherjea, S. and Hara, Y.},
	booktitle = {Proceedings of the 1999 IEEE International Conference on Information Visualization},
	year={1999},
	pages={400-405},
	doi={10.1109/IV.1999.781588}
}

@inproceedings{Rauber2000,
	title = {```Andreas, Rauber'? Conference Pages Are over There, German Documents on the Lower Left...'': An ``Old-Fashioned'' Approach to Web Search Results Visualization},
	author = {Rauber, A. and Bina, H.},
	booktitle = {Proceedings of the 11th International Workshop on Database and Expert Systems Applications},
	year = {2000},
	pages = {615-619},
	doi={10.1109/DEXA.2000.875088}
}

@inproceedings{Tvarozek2008,
	author = {Michal Tvarozek and Maria Bielikova},
	title = {Personalized View-Based Search and Visualization as a Means for Deep/Semantic Web Data Access},
	booktitle = {Proceeding of the 17th International Conference on World Wide Web},
	year = {2008},
	isbn = {978-1-60558-085-2},
	pages = {1023--1024},
	location = {Beijing, China},
	doi = {http://doi.acm.org/10.1145/1367497.1367637},
	publisher = {ACM},
	address = {New York, NY, USA}
}

@inproceedings{Paulovich2008,
	title = {PEx-WEB: Content-based Visualization of Web Search Results},
	author = {Paulovich, F.V. and Pinho, R. and Botha, C.P. and Heijs, A. and Minghim, R.},
	journal = {Proceedings of the 12th International Conference on Information Visualisation},
	year = {2008},
	month = {July},
	pages = {208-214},
	doi = {10.1109/IV.2008.94},
	ISSN = {1550-6037}
}

@inproceedings{Weippl2001,
	title = {Visualizing Content-based Relations in Texts},
	author = {Weippl, E.},
	booktitle = {Proceedings of the Second Australasian User Interface Conference},
	year={2001},
	pages={34-41},
	doi={10.1109/AUIC.2001.906274}
}

@inproceedings{Sebrechts1999,
	author = {Marc M. Sebrechts and John V. Cugini and Sharon J. Laskowski and Joanna Vasilakis and Michael S. Miller},
	title = {Visualization of Search Results: A Comparative Evaluation of Text, 2D, and 3D Interfaces},
	booktitle = {Proceedings of the 22nd Annual International ACM SIGIR Conference on Research and Development in Information Retrieval},
	year = {1999},
	isbn = {1-58113-096-1},
	pages = {3--10},
	location = {Berkeley, California, United States},
	doi = {http://doi.acm.org/10.1145/312624.312634},
	publisher = {ACM},
	address = {New York, NY, USA}
}

@inproceedings{Mukherjea1996,
	title = {Visualizing the Results of Multimedia Web Search Engines},
	author = {Mukherjea, S. and Hirata, K. and Hara, Y.},
	booktitle = {Proceedings of the 1996 IEEE Symposium on Information Visualization},
	year = {1996},
	month = {Oct},
	pages={64-65, 122},
	doi={10.1109/INFVIS.1996.559219}
}

@inproceedings{Konchady1998,
	author = {Manu Konchady and Ray D'Amore and Gary Valley},
	title = {A Web Based Visualization for Documents},
	booktitle = {Proceedings of the 1998 Workshop on New Paradigms in Information Visualization and Manipulation},
	year = {1998},
	isbn = {1-58113-179-8},
	pages = {13--19},
	location = {Washington, D.C., United States},
	doi = {http://doi.acm.org/10.1145/324332.324335},
	publisher = {ACM},
	address = {New York, NY, USA}
}

@inproceedings{Zaina2005,
	author = {Cl\'{a}udio Max. Zaina and M. Cec\'{\i}lia C. Baranauskas},
	title = {Revealing Relationships in Search Engine Results},
	booktitle = {Proceedings of the 2005 Latin American Conference on Human-computer Interaction},
	year = {2005},
	isbn = {1-59593-224-0},
	pages = {120--127},
	location = {Cuernavaca, Mexico},
	doi = {http://doi.acm.org/10.1145/1111360.1111372},
	publisher = {ACM},
	address = {New York, NY, USA}
}

@inproceedings{Weiss2001,
	title = {Visualising Document Content with Metadata to Facilitate Goal-Directed Search},
	author = {Weiss-Lijn, M. and McDonnell, J.T. and James, L.},
	booktitle = {Proceedings of the Fifth International Conference on Information Visualisation},
	year = {2001},
	pages = {71-76},
	doi={10.1109/IV.2001.942041}
}

@inproceedings{Nowell1996,
	author = {Lucy Terry Nowell and Robert K. France and Deborah Hix and Lenwood S. Heath and Edward A. Fox},
	title = {Visualizing Search Results: Some Alternatives to Query-Document Similarity},
	booktitle = {Proceedings of the 19th Annual International ACM SIGIR Conference on Research and Development in Information Retrieval},
	year = {1996},
	isbn = {0-89791-792-8},
	pages = {67--75},
	location = {Zurich, Switzerland},
	doi = {http://doi.acm.org/10.1145/243199.243214},
	publisher = {ACM},
	address = {New York, NY, USA}
}
