@ARTICLE{1495940,
title={Visualizing network data for intrusion detection},
author={Kulsoom Abdullah and Lee, C. and Conti, G. and Copeland, J.A.},
journal={Information Assurance Workshop, 2005. IAW '05. Proceedings from the Sixth Annual IEEE SMC},
year={2005},
month={June},
volume={},
number={},
pages={ 100-108},
keywords={ computer networks, data visualisation, graph theory, invasive software IP address, aggregate port activity, forensic visualization, graph, histogram, intrusion detection, intrusion prevention, malicious activity, network activity, network attacks, network data visualization, network traffic visualization, port number, real time attack recognition},
doi={10.1109/IAW.2005.1495940},
ISSN={}, }

@ARTICLE{4035756,
title={Monitoring Network Traffic with Radial Traffic Analyzer},
author={Keim, D.A. and Mansmann, F. and Schneidewind, J. and Schreck, T.},
journal={Visual Analytics Science And Technology, 2006 IEEE Symposium On},
year={2006},
month={31 2006-Nov. 2},
volume={},
number={},
pages={123-128},
keywords={Internet, computer animation, data visualisation, intranets, telecommunication trafficHistoMap technique, Internet, geographic distortion technique, information visualization, intranet, network packet volume, network traffic monitoring, network type distribution information, radial traffic analyzer, scalable visualization toolkit},
doi={10.1109/VAST.2006.261438},
ISSN={}, }

@inproceedings{1298349,
 author = {Marios Iliofotou and Prashanth Pappu and Michalis Faloutsos and Michael Mitzenmacher and Sumeet Singh and George Varghese},
 title = {Network monitoring using traffic dispersion graphs (tdgs)},
 booktitle = {IMC '07: Proceedings of the 7th ACM SIGCOMM conference on Internet measurement},
 year = {2007},
 isbn = {978-1-59593-908-1},
 pages = {315--320},
 location = {San Diego, California, USA},
 doi = {http://doi.acm.org/10.1145/1298306.1298349},
 publisher = {ACM},
 address = {New York, NY, USA},
 }

@inproceedings{1062935,
 author = {Anita Komlodi and John R. Goodall and Wayne G. Lutters},
 title = {An Information Visualization Framework for Intrusion Detection},
 booktitle = {CHI '04: CHI '04 extended abstracts on Human factors in computing systems},
 year = {2004},
 isbn = {1-58113-703-6},
 pages = {1743},
 location = {Vienna, Austria},
 doi = {http://doi.acm.org/10.1145/985921.1062935},
 publisher = {ACM},
 address = {New York, NY, USA},
 }

@inproceedings{1029217,
 author = {Robert Ball and Glenn A. Fink and Chris North},
 title = {Home-centric visualization of network traffic for security administration},
 booktitle = {VizSEC/DMSEC '04: Proceedings of the 2004 ACM workshop on Visualization and data mining for computer security},
 year = {2004},
 isbn = {1-58113-974-8},
 pages = {55--64},
 location = {Washington DC, USA},
 doi = {http://doi.acm.org/10.1145/1029208.1029217},
 publisher = {ACM},
 address = {New York, NY, USA},
 }

@inproceedings{1179600,
 author = {Erwan Le Mal\'{e}cot and Masayoshi Kohara and Yoshiaki Hori and Kouichi Sakurai},
 title = {Interactively combining 2D and 3D visualization for network traffic monitoring},
 booktitle = {VizSEC '06: Proceedings of the 3rd international workshop on Visualization for computer security},
 year = {2006},
 isbn = {1-59593-549-5},
 pages = {123--127},
 location = {Alexandria, Virginia, USA},
 doi = {http://doi.acm.org/10.1145/1179576.1179600},
 publisher = {ACM},
 address = {New York, NY, USA},
 }

@ARTICLE{146369,
title={Dynamic graphics for network visualization},
author={Becker, R.A. and Eick, S.G. and Miller, E.O. and Wilks, A.R.},
journal={Visualization, 1990. Visualization '90., Proceedings of the First IEEE Conference on},
year={1990},
month={Oct},
volume={},
number={},
pages={93-96, 467},
keywords={computer graphics, graphical user interfacesdynamic graphics, network visualization, static display, visualizing network data},
doi={10.1109/VISUAL.1990.146369},
ISSN={}, }

@ARTICLE{468391,
title={Visualizing network data},
author={Becker, R.A. and Eick, S.G. and Wilks, A.R.},
journal={Visualization and Computer Graphics, IEEE Transactions on},
year={1995},
month={Mar},
volume={1},
number={1},
pages={16-28},
keywords={data visualisation, matrix algebra, telecommunication computing, user interfacesSeeNet, direct manipulation techniques, geographical relationships, interactive graphics, matrix arrangement, network data analysis, network data visualization, network links, parameter focusing, static network displays},
doi={10.1109/2945.468391},
ISSN={1077-2626}, }

@ARTICLE{4370490,
title={Visualizing Network Status},
author={Yoshida, K. and Shomura, Y. and Watanabe, Y.},
journal={Machine Learning and Cybernetics, 2007 International Conference on},
year={2007},
month={Aug.},
volume={4},
number={},
pages={2094-2099},
keywords={data mining, telecommunication network management, telecommunication securityfrequent itemset mining, network management task, network monitoring, network status visualization},
doi={10.1109/ICMLC.2007.4370490},
ISSN={}, }

@ARTICLE{1532073,
title={Exploring three-dimensional visualization for intrusion detection},
author={Oline, A. and Reiners, D.},
journal={Visualization for Computer Security, 2005. (VizSEC 05). IEEE Workshop on},
year={2005},
month={Oct.},
volume={},
number={},
pages={ 113-120},
keywords={ data visualisation, security of data 1999 DARPA intrusion detection evaluation data set, abnormal network activity, aggregated network statistics, data reduction, network intrusion detection system, three-dimensional visualization, visual evidence generation},
doi={10.1109/VIZSEC.2005.1532073},
ISSN={ }, }



